<?xml version="1.0" encoding="UTF-8"?><record xmlns="http://www.loc.gov/MARC21/slim" xmlns:cinclude="http://apache.org/cocoon/include/1.0" xmlns:zs="http://www.loc.gov/zing/srw/">
  <leader>00555nz  a2200145n  4500</leader>
  <controlfield tag="001">no2009150222</controlfield>
  <controlfield tag="003">DLC</controlfield>
  <controlfield tag="005">20090924075754.0</controlfield>
  <controlfield tag="008">090922n| acannaabn          |a aaa     c</controlfield>
  <datafield tag="010" ind1=" " ind2=" ">
    <subfield code="a">no2009150222</subfield>
  </datafield>
  <datafield tag="035" ind1=" " ind2=" ">
    <subfield code="a">(OCoLC)oca08246698</subfield>
  </datafield>
  <datafield tag="040" ind1=" " ind2=" ">
    <subfield code="a">MX-SlUA</subfield>
    <subfield code="b">eng</subfield>
    <subfield code="c">MX-SlUA</subfield>
  </datafield>
  <datafield tag="100" ind1="1" ind2=" ">
    <subfield code="a">López Meraz, Gloria Alina</subfield>
  </datafield>
  <datafield tag="400" ind1="1" ind2=" ">
    <subfield code="a">Meraz, Gloria Alina López</subfield>
  </datafield>
  <datafield tag="670" ind1=" " ind2=" ">
    <subfield code="a">Recopilación de formulas para la determinación de coeficientes de transferencia de masa, 1981:</subfield>
    <subfield code="b">t.p. (Gloria Alina López Meraz; Universidad Autónoma de San Luis Potosí; Ingeniero Químico)</subfield>
  </datafield>
</record>